@book{Neumann:1958:CB:578873,
 author = {Neumann, John von},
 title = {The Computer and the Brain},
 year = {1958},
 isbn = {0300007930},
 source = {Library of Congress catalog card number: 58-6542},
 publisher = {Yale University Press},
 address = {New Haven, CT, USA},
}

@book{efron_hastie_2016, place={Cambridge}, series={Institute of Mathematical Statistics Monographs}, title={Computer Age Statistical Inference: Algorithms, Evidence, and Data Science}, DOI={10.1017/CBO9781316576533}, publisher={Cambridge University Press}, author={Efron, Bradley and Hastie, Trevor}, year={2016}, collection={Institute of Mathematical Statistics Monographs}}

@book{Goodfellow-et-al-2016,
    title={Deep Learning},
    author={Ian Goodfellow and Yoshua Bengio and Aaron Courville},
    publisher={MIT Press},
    note={\url{http://www.deeplearningbook.org}},
    year={2016}
}
