# PREPRINTS

@ARTICLE{2018arXiv180601423H,
   author = {{Hazan}, H. and {Saunders}, D.~J. and {Khan}, H. and {Sanghavi}, D.~T. and 
	{Siegelmann}, H.~T. and {Kozma}, R.},
    title = "{BindsNET: A machine learning-oriented spiking neural networks library in Python}",
  journal = {ArXiv e-prints},
archivePrefix = "arXiv",
   eprint = {1806.01423},
 keywords = {Computer Science - Neural and Evolutionary Computing, Quantitative Biology - Neurons and Cognition},
     year = 2018,
    month = jun,
   adsurl = {http://adsabs.harvard.edu/abs/2018arXiv180601423H},
  adsnote = {Provided by the SAO/NASA Astrophysics Data System}
}

# CONFERENCE ARTICLES

@inproceedings{hazan2018,
  author = {Hananel Hazan and Daniel J. Saunders and Darpan T. Sanghavi and Hava T. Siegelmann and Robert Kozma},
  title = {Unsupervised Learning with Self-Organizing Spiking Neural Networks},
  booktitle = {International Joint Conference on Neural Networks},
  year = {2018},
}

@inproceedings{saunders2018,
  author = {Daniel J. Saunders and Hava T. Siegelmann and Robert Kozma and Mikl\'{o}s Ruszink\'{o}},
  title = {Unsupervised Learning with Self-Organizing Spiking Neural Networks},
  booktitle = {International Joint Conference on Neural Networks},
  year = {2018},
}